% Bibliografía

% Este fichero contiene la bibliografía de la memoria
% Está en un formato que se conoce como BibTex.
% Hay muchos sitios web que exportan referencias en formato BibTeX. 
% Prueba a buscar en http://scholar.google.com por referencias
% y verás que lo puedes hacer de manera sencilla.
% Más información: 
% http://texblog.org/2014/04/22/using-google-scholar-to-download-bibtex-citations/

% Existen varias posibilidades para referenciar diferentes tipos de documentos,
% ya que los datos necesarios varían. Así, existen formatos de entrada para
%     * libros (book)
%     * artículos en revistas de investigación (article)
%     * capítulos de libro (incollection)
%     * informes técnicos (techreport)
%     * otros (misc)
%
% Las páginas web deberían ir como misc.

@Misc{Documentaci\'on_Three.js,
  author =	 {Mrdoob},
  title =	 {Documentaci\'on Three.js},
  month =	 jun,
  year =	 2023,
  note =	 {\\ https://threejs.org/docs/index.html}
} 

@Misc{Ejemplos_Three.js,
  author =	 {Mrdoob},
  title =	 {Ejemplos Three.js},
  month =	 jun,
  year =	 2023,
  note =	 {\\ https://threejs.org/examples/}
}

@Misc{WebXR,
  author =	 {Mrdoob},
  title =	 {Ejemplo c\'odigo WebXR},
  month =	 Feb,
  year =	 2024,
  note =	 {\\ https://github.com/mrdoob/three.js/blob/master/examples/}
}

@Misc{Using_a_WebXR_controller_using_Three.JS,
  author =	 {Nik Lever},
  title =	 {Curso VR},
  month =	 Oct,
  year =	 2021,
  note =	 {\\ https://youtu.be/juwRSr-J2rg?si=Secs5epkMgLtRCPZ}
}

@Misc{Aframe:Supermedium,
  author =	 {Diego Marcos},
  title =	 {Aframe},
  month =	 Sep,
  year =	 2023,
  note =	 {\\ https://aframe.io/}
}
